
@misc{elis,
 author =  {Schaeffer , Elisa},
 title = {Pr{\'a}ctica 3: teor{\'i}a de colas},
 url = {https://elisa.dyndns-web.com/teaching/comp/par/p3.html},
 year = 2020,
 month = oct
}