@misc{elis,
 author =  {Schaeffer , Elisa},
 title = {Pr{\'a}ctica 2: aut{\'o}mata celular},
 url = {https://elisa.dyndns-web.com/teaching/comp/par/p2.html},
 year = 2020,
 month = sep
}