@misc{elis,
 author =  {Schaeffer , Elisa},
 title = {Pr{\'a}ctica 1:Movimiento Browniano},
 url = {https://elisa.dyndns-web.com/teaching/comp/par/p1.html},
 year = 2021,
 month = ago
}