    @misc{elis12,
     author =  {E. Schaeffer},
     title = {Pr√°ctica 12 : red neuronal},
     url = {https://elisa.dyndns-web.com/teaching/comp/par/p12.html},
     year = 2020,
     month = {diciembre}
    }