@misc{elis,
 author =  {E. Schaeffer},
 title = {Práctica 3: teoría de colas},
 url = {https://elisa.dyndns-web.com/teaching/comp/par/p3.html},
 year = 2021,
 month = sep
}

@misc{elis7,
 author =  {Schaeffer , Elisa},
 title = {Práctica 7: búsqueda local},
 url = {https://elisa.dyndns-web.com/teaching/comp/par/p7.html},

}




@misc{denis,
author={Denis Leyva},
title={Práctica 7 búsqueda local},
url={https://github.com/Denisse251/Simulation/blob/main/Tarea.7/Practica7.py}
year= 2021,
month = {abril}
}




@misc{Fab, 
	title={Práctica 7: búsqueda local},
	author={Fabiola Vázquez},
	url={https://github.com/fvzqa/Simulacion/blob/master/Tarea07/Tarea7.pdf}
	 year = 2020,
     month = {noviembre}

}