@misc{elis5,
author={E. Schaeffer},
year=2021,
title={Práctica 5: método {M}onte-{C}arlo},
url={https://elisa.dyndns-web.com/teaching/comp/par/p5.html}
}

@misc{nat5,
author={N. Pérez},
year=2021,
title={Práctica 5: método {M}onte-{C}arlo},
url={https://github.com/nataliaperez0/Simulation/blob/main/Tarea5/Tarea5.tex}
}

@misc{R,
author={The {R} {F}oundation},
year=2020,
title={The {R} {P}roject for {S}tatistical {C}omputing},
url={https://www.r-project.org/}
}

@misc{wolf,
author={Wolfram {A}lpha},
year=2020,
url={https://www.wolframalpha.com/}
}