    @misc{elis,
     author =  {E. Schaeffer},
     title = {Práctica 3: teoría de colas},
     url = {https://elisa.dyndns-web.com/teaching/comp/par/p3.html},
     year = 2021,
     month = sep
    }
    
    @misc{elis7,
     author =  {Schaeffer , Elisa},
     title = {Práctica 7: búsqueda local},
     url = {https://elisa.dyndns-web.com/teaching/comp/par/p7.html},
    
    }
    @misc{elis4,
     author =  {Schaeffer , E.},
     title = {Práctica 4: diagramas de Voronoi},
     url = {https://elisa.dyndns-web.com/teaching/comp/par/p4.html},
     year = 2021,
     month = {septiembre}
    
    }

    @misc{elis8,
     author =  {E. Schaeffer},
     title = {Práctica 8: modelo de urnas},
     url = {https://elisa.dyndns-web.com/teaching/comp/par/p8.html},
     year = 2021,
     month = {octubre}
    }
    
    @misc{elis9,
     author =  {E. Schaeffer},
     title = {Práctica 9: interacciones entre partículas},
     url = {https://elisa.dyndns-web.com/teaching/comp/par/p9.html},
     year = 2019,
     month = {noviembre}
    }
    
    
    @misc{denis,
    author={D. Leyva},
    title={Práctica 7 búsqueda local},
    url={https://github.com/Denisse251/Simulation/blob/main/Tarea.7/Practica7.py}
    year= 2021,
    month = {abril}
    }
    
        @misc{denis2,
    author={D. Leyva},
    title={Práctica 8: modelo de urnas},
    year= 2021,
    month = {abril},
    url={https://github.com/Denisse251/Simulation/blob/main/Tarea.8/Practica8.py}

    }
    
    
    
    
    @misc{Fab, 
    	title={Práctica 7: búsqueda local},
    	author={Fabiola Vázquez},
    	url={https://github.com/fvzqa/Simulacion/blob/master/Tarea07/Tarea7.pdf}
    	 year = 2020,
         month = {noviembre}
    }
    
     @misc{Fab2, 
    	title={Práctica 8: modelo de urnas},
    	author={F. Vázquez},
    	year = 2020,
        month = {noviembre},
    	url={https://github.com/fvzqa/Simulacion/blob/master/Tarea08/Tarea8.pdf}
    }

     @misc{Fab3, 
    	title={Práctica 9: interacciones entre partículas},
    	author={F. Vázquez},
    	year = 2020,
        month = {noviembre},
    	url={https://github.com/fvzqa/Simulacion/blob/master/Tarea09/Tarea9.pdf}
    }
    
     @misc{cae, 
    	title={Práctica 8: modelo de urnas},
    	author={C. A. Estrada},
    	year = 2020,
        month = {noviembre},
    	url={https://github.com/CrisAE/Simulacion/blob/master/P8/P8.pdf}
    }   
    
     @misc{cae2, 
    	title={Práctica 9: interacciones entre partículas},
    	author={C. A. Estrada},
    	year = 2020,
        month = {noviembre},
    	url={https://github.com/CrisAE/Simulacion/blob/master/P9/P9.pdf}
    }
    
         @misc{cae4, 
    	title={Práctica 4: diagramas de Voronoi},
    	author={C. A. Estrada},
    	year = 2020,
        month = {octubre},
    	url={https://github.com/CrisAE/Simulacion/blob/master/P4/P4.pdf}
    }
    
    @misc{R,
author={The {R} {F}oundation},
year=2020,
title={The {R} {P}roject for {S}tatistical {C}omputing},
url={https://www.r-project.org/}
}
    
    
    
    
    
    @misc{jav,
     author =  {Prasdel , Javier},
     title = {Microscopía Electrónica de (STEM)},
     url = {https://www.pardell.es/microscopia-electronica-de--stem-.html},
    
    }