    @misc{elis,
     author =  {E. Schaeffer},
     title = {Práctica 3: teoría de colas},
     url = {https://elisa.dyndns-web.com/teaching/comp/par/p3.html},
     year = 2021,
     month = sep
    }
    
    @misc{elis7,
     author =  {Schaeffer , Elisa},
     title = {Práctica 7: búsqueda local},
     url = {https://elisa.dyndns-web.com/teaching/comp/par/p7.html},
    
    }
    

        @misc{elis8,
     author =  {E. Schaeffer},
     title = {Práctica 8: modelo de urnas},
     url = {https://elisa.dyndns-web.com/teaching/comp/par/p8.html},
     year = 2021,
     month = {octubre}
    }
    
    
    
    @misc{denis,
    author={D. Leyva},
    title={Práctica 7 búsqueda local},
    url={https://github.com/Denisse251/Simulation/blob/main/Tarea.7/Practica7.py}
    year= 2021,
    month = {abril}
    }
    
        @misc{denis2,
    author={D. Leyva},
    title={Práctica 8: modelo de urnas},
    year= 2021,
    month = {abril},
    url={https://github.com/Denisse251/Simulation/blob/main/Tarea.8/Practica8.py}

    }
    
    
    
    
    @misc{Fab, 
    	title={Práctica 7: búsqueda local},
    	author={Fabiola Vázquez},
    	url={https://github.com/fvzqa/Simulacion/blob/master/Tarea07/Tarea7.pdf}
    	 year = 2020,
         month = {noviembre}
    }
    
     @misc{Fab2, 
    	title={Práctica 8: modelo de urnas},
    	author={F. Vázquez},
    	year = 2020,
        month = {noviembre},
    	url={https://github.com/fvzqa/Simulacion/blob/master/Tarea08/Tarea8.pdf}

    }
    
     @misc{cae, 
    	title={Práctica 8: modelo de urnas},
    	author={C. A. Estrada},
    	year = 2020,
        month = {noviembre},
    	url={https://github.com/CrisAE/Simulacion/blob/master/P8/P8.pdf}

    }   
    
    
    
    
    
    
    @misc{jav,
     author =  {Prasdel , Javier},
     title = {Microscopía Electrónica de (STEM)},
     url = {https://www.pardell.es/microscopia-electronica-de--stem-.html},
    
    }